<record><leader>00000cas a22000007a 4500</leader><controlfield tag="001">9574166</controlfield><controlfield tag="008">830603d19161925ohudn ne      0    0slo d</controlfield><datafield ind1=" " ind2=" " tag="010"><subfield code="a">sn 83045562 </subfield></datafield><datafield ind1=" " ind2=" " tag="040"><subfield code="a">CRL</subfield><subfield code="b">eng</subfield><subfield code="c">CRL</subfield><subfield code="d">NPW</subfield><subfield code="d">NPY</subfield><subfield code="d">ONP</subfield><subfield code="d">DLC</subfield><subfield code="d">CRL</subfield><subfield code="d">OCLCQ</subfield><subfield code="d">OCLCG</subfield><subfield code="d">OCLCQ</subfield><subfield code="d">OCLCF</subfield><subfield code="d">OCLCO</subfield></datafield><datafield ind1="1" ind2=" " tag="029"><subfield code="a">AU@</subfield><subfield code="b">000020409768</subfield></datafield><datafield ind1="0" ind2=" " tag="041"><subfield code="a">sloeng</subfield></datafield><datafield ind1=" " ind2=" " tag="042"><subfield code="a">msc</subfield></datafield><datafield ind1=" " ind2=" " tag="043"><subfield code="a">n-us-oh</subfield><subfield code="a">n-us-il</subfield></datafield><datafield ind1="0" ind2="0" tag="245"><subfield code="a">Denny&#769; hlas =</subfield><subfield code="b">The daily voice.</subfield></datafield><datafield ind1="3" ind2="1" tag="246"><subfield code="a">Daily voice</subfield></datafield><datafield ind1=" " ind2=" " tag="260"><subfield code="a">Cleveland [Ohio] :</subfield><subfield code="b">John Pankuch,</subfield><subfield code="c">-1925]</subfield></datafield><datafield ind1=" " ind2=" " tag="300"><subfield code="a">v. :</subfield><subfield code="b">ill. ;</subfield><subfield code="c">54 cm.</subfield></datafield><datafield ind1=" " ind2=" " tag="310"><subfield code="a">Daily (except Sun.)</subfield></datafield><datafield ind1="1" ind2=" " tag="362"><subfield code="a">Began in 1916.</subfield></datafield><datafield ind1="0" ind2=" " tag="362"><subfield code="a">-roc&#769;. 19 [i.e. 9], c&#780;i&#769;s. 58 (2. jan. 1925).</subfield></datafield><datafield ind1=" " ind2=" " tag="500"><subfield code="a">Publisher: John Pankuch, &lt;Dec. 5, 1917&gt;-Jan. 2, 1925.</subfield></datafield><datafield ind1=" " ind2=" " tag="500"><subfield code="a">Published simultaneously in Chicago, Ill., &lt;Dec. 5, 1917&gt;-July 3, 1918; in Youngstown, Ohio, &lt;Dec. 5, 1917&gt;-Apr. 20, 1921.</subfield></datafield><datafield ind1=" " ind2=" " tag="500"><subfield code="a">Editors: Ignace Gessay, &lt;Dec. 5, 1917&gt;-Dec. 30, 1919; John A. Ferienc&#780;ik, Oct. 2, 1918-Jan. 2, 1925.</subfield></datafield><datafield ind1=" " ind2=" " tag="515"><subfield code="a">Numbering erratic.</subfield></datafield><datafield ind1=" " ind2=" " tag="521"><subfield code="a">"Slovak independent daily."</subfield></datafield><datafield ind1=" " ind2=" " tag="546"><subfield code="a">In Slovak with some columns in English.</subfield></datafield><datafield ind1=" " ind2=" " tag="580"><subfield code="a">Weekly ed.: Hlas (Cleveland, Ohio : 1905).</subfield></datafield><datafield ind1=" " ind2=" " tag="588"><subfield code="a">Description based on: Roc&#769;. 3, c&#780;i&#769;s. 342 (5. dec. 1917).</subfield></datafield><datafield ind1=" " ind2="0" tag="650"><subfield code="a">Slovaks</subfield><subfield code="z">Ohio</subfield><subfield code="v">Newspapers.</subfield></datafield><datafield ind1=" " ind2="0" tag="650"><subfield code="a">Slovak Americans</subfield><subfield code="z">Ohio</subfield><subfield code="v">Newspapers.</subfield></datafield><datafield ind1=" " ind2="0" tag="650"><subfield code="a">Slovaks</subfield><subfield code="z">Illinois</subfield><subfield code="v">Newspapers.</subfield></datafield><datafield ind1=" " ind2="0" tag="650"><subfield code="a">Slovak Americans</subfield><subfield code="z">Illinois</subfield><subfield code="v">Newspapers.</subfield></datafield><datafield ind1=" " ind2="0" tag="651"><subfield code="a">Cleveland (Ohio)</subfield><subfield code="v">Newspapers.</subfield></datafield><datafield ind1=" " ind2="0" tag="651"><subfield code="a">Youngstown (Ohio)</subfield><subfield code="v">Newspapers.</subfield></datafield><datafield ind1=" " ind2="0" tag="651"><subfield code="a">Chicago (Ill.)</subfield><subfield code="v">Newspapers.</subfield></datafield><datafield ind1=" " ind2="7" tag="655"><subfield code="a">Newspapers.</subfield><subfield code="2">fast</subfield><subfield code="0">(OCoLC)fst01423814</subfield></datafield><datafield ind1=" " ind2="7" tag="650"><subfield code="a">Slovak Americans.</subfield><subfield code="2">fast</subfield><subfield code="0">(OCoLC)fst01120985</subfield></datafield><datafield ind1=" " ind2="7" tag="650"><subfield code="a">Slovaks.</subfield><subfield code="2">fast</subfield><subfield code="0">(OCoLC)fst01121065</subfield></datafield><datafield ind1=" " ind2="7" tag="651"><subfield code="a">Illinois.</subfield><subfield code="2">fast</subfield><subfield code="0">(OCoLC)fst01205143</subfield></datafield><datafield ind1=" " ind2="7" tag="651"><subfield code="a">Illinois</subfield><subfield code="z">Chicago.</subfield><subfield code="2">fast</subfield><subfield code="0">(OCoLC)fst01204048</subfield></datafield><datafield ind1=" " ind2="7" tag="651"><subfield code="a">Ohio.</subfield><subfield code="2">fast</subfield><subfield code="0">(OCoLC)fst01205075</subfield></datafield><datafield ind1=" " ind2="7" tag="651"><subfield code="a">Ohio</subfield><subfield code="z">Cleveland.</subfield><subfield code="2">fast</subfield><subfield code="0">(OCoLC)fst01205966</subfield></datafield><datafield ind1=" " ind2="7" tag="651"><subfield code="a">Ohio</subfield><subfield code="z">Youngstown.</subfield><subfield code="2">fast</subfield><subfield code="0">(OCoLC)fst01213545</subfield></datafield><datafield ind1="1" ind2=" " tag="700"><subfield code="a">Gessay, Igna&#769;c,</subfield><subfield code="d">1874-1928.</subfield></datafield><datafield ind1="1" ind2=" " tag="700"><subfield code="a">Ferienc&#780;i&#769;k, Ja&#769;n A.</subfield><subfield code="q">(Ja&#769;n Adolf),</subfield><subfield code="d">1865-1925.</subfield></datafield><datafield ind1="1" ind2=" " tag="700"><subfield code="a">Pankuch, Ja&#769;n.</subfield></datafield><datafield ind1=" " ind2=" " tag="752"><subfield code="a">United States</subfield><subfield code="b">Ohio</subfield><subfield code="c">Cuyahoga</subfield><subfield code="d">Cleveland.</subfield></datafield><datafield ind1=" " ind2=" " tag="752"><subfield code="a">United States</subfield><subfield code="b">Ohio</subfield><subfield code="c">Mahoning</subfield><subfield code="d">Youngstown.</subfield></datafield><datafield ind1=" " ind2=" " tag="752"><subfield code="a">United States</subfield><subfield code="b">Illinois</subfield><subfield code="c">Cook</subfield><subfield code="d">Chicago.</subfield></datafield><datafield ind1="1" ind2=" " tag="775"><subfield code="t">Hlas (Cleveland, Ohio : 1905)</subfield><subfield code="w">(DLC)sn 83045618</subfield><subfield code="w">(OCoLC)9554779</subfield></datafield><datafield ind1="0" ind2="0" tag="785"><subfield code="t">Hlas (Cleveland, Ohio : 1925)</subfield><subfield code="w">(DLC)sn 83045619</subfield><subfield code="w">(OCoLC)9554783</subfield></datafield></record>